@article{beall1995mesh,
  title={Mesh data structures for advanced finite element applications},
  author={Beall, Mark W and Shephard, Mark S},
  journal={SCOREC Report},
  pages={23--1995},
  year={1995}
}

@article{garimella2002mesh,
  title={Mesh data structure selection for mesh generation and FEA
applications},
  author={Garimella, Rao V},
  journal={International journal for numerical methods in engineering},
  volume={55},
  number={4},
  pages={451--478},
  year={2002},
  publisher={Wiley Online Library}
}

@incollection{dyedov2014ahf,
  title={AHF: Array-Based Half-Facet Data Structure for Mixed-Dimensional and
Non-manifold Meshes},
  author={Dyedov, Vladimir and Ray, Navamita and Einstein, Daniel and Jiao,
Xiangmin and Tautges, Timothy J},
  booktitle={Proceedings of the 22nd International Meshing Roundtable},
  pages={445--464},
  year={2014},
  publisher={Springer}
}

